<record><leader>00000cas a22000007a 4500</leader><controlfield tag="001">13285161</controlfield><controlfield tag="008">860312d18941906pauwr ne      0    0eng  </controlfield><datafield ind1=" " ind2=" " tag="010"><subfield code="a">sn 86071337 </subfield></datafield><datafield ind1=" " ind2=" " tag="040"><subfield code="a">DLC</subfield><subfield code="b">eng</subfield><subfield code="c">DLC</subfield><subfield code="d">NPH</subfield><subfield code="d">DLC</subfield><subfield code="d">OCLCQ</subfield></datafield><datafield ind1=" " ind2=" " tag="042"><subfield code="a">msc</subfield></datafield><datafield ind1="0" ind2="0" tag="050"><subfield code="a">Newspaper 9420</subfield></datafield><datafield ind1="0" ind2="0" tag="245"><subfield code="a">Gallitzin weekly times.</subfield></datafield><datafield ind1=" " ind2=" " tag="260"><subfield code="a">Gallitzin, Pa. :</subfield><subfield code="b">W.S. Strickland</subfield></datafield><datafield ind1=" " ind2=" " tag="300"><subfield code="a">v.</subfield></datafield><datafield ind1=" " ind2=" " tag="310"><subfield code="a">Weekly</subfield></datafield><datafield ind1="1" ind2=" " tag="362"><subfield code="a">Began in 1894; ceased in 1906.</subfield></datafield><datafield ind1=" " ind2=" " tag="588"><subfield code="a">Description based on: Vol. 1, no. 31 (July 10, 1895).</subfield></datafield><datafield ind1=" " ind2=" " tag="752"><subfield code="a">United States</subfield><subfield code="b">Pennsylvania</subfield><subfield code="c">Cambria</subfield><subfield code="d">Gallitzin.</subfield></datafield><datafield ind1="0" ind2="0" tag="780"><subfield code="t">Industrial vindicator</subfield><subfield code="w">(DLC)sn 86071334</subfield></datafield><datafield ind1="1" ind2=" " tag="029"><subfield code="a">AU@</subfield><subfield code="b">000025783796</subfield></datafield></record>